%% This BibTeX bibliography file was created using BibDesk.
%% http://bibdesk.sourceforge.net/

%% Created for Thomas Steiner at 2019-01-18 14:46:51 +0100 


%% Saved with string encoding Unicode (UTF-8) 



@techreport{block2008gears,
	Address = {\url{https://developers.googleblog.com/2008/08/two-new-ways-to-location-enable-your.html}},
	Author = {Steve Block},
	Institution = {Google Developers},
	Month = aug,
	Title = {Two new ways to location-enable your web apps},
	Type = {Blog Post},
	Year = {2008}}

@techreport{gears2008geolocation,
	Address = {\url{https://web.archive.org/web/20080902073745/http://code.google.com:80/apis/gears/api_geolocation.html}},
	Author = {{Google Gears}},
	Institution = {Google},
	Month = sep,
	Title = {Geolocation \textsc{api}},
	Type = {Documentation},
	Year = {2008}}

@techreport{gears2008wiki,
	Address = {\url{https://web.archive.org/web/20080901235406/http://code.google.com:80/p/gears/wiki/GeolocationAPI}},
	Author = {{Google Gears}},
	Institution = {Google},
	Month = sep,
	Title = {Geolocation\textsc{api}},
	Type = {Wiki},
	Year = {2008}}

@techreport{popescu2016geolocation,
	Address = {\url{https://www.w3.org/TR/geolocation-API/}},
	Author = {Andrei Popescu},
	Institution = {\textsc{w3c}},
	Title = {Geolocation \textsc{api} Specification 2nd Edition},
	Type = {Recommendation},
	Year = {2016}}

@techreport{raskin2010geolocation,
	Address = {\url{http://www.azarask.in/blog/post/geolocation-in-firefox-and-beyond/}},
	Author = {Aza Raskin},
	Institution = {Aza on Design},
	Title = {Geolocation in Firefox and Beyond},
	Type = {Blog Post},
	Year = {2010}}

@techreport{kruisselbrink2017geofencing,
	Address = {\url{https://www.w3.org/TR/geofencing/}},
	Author = {Marijn Kruisselbrink},
	Institution = {\textsc{w3c}},
	Title = {Geofencing \textsc{api}},
	Type = {Working Group Note},
	Year = {2017}}

@techreport{west2016securecontexts,
	Address = {\url{https://www.w3.org/TR/secure-contexts/}},
	Author = {Mike West},
	Institution = {\textsc{w3c}},
	Title = {Secure Contexts},
	Type = {Candidate Recommendation},
	Year = {2016}}
	
@techreport{russell2017serviceworkers,
	Author = {Alex Russell and Jungkee Song and Jake Archibald and Marijn Kruisselbrink},
	Address = {\url{https://www.w3.org/TR/service-workers/}},
	Institution = {\textsc{w3c}},
	Month = dec,
	Title = {{Service Workers~1}},
	Type = {{Working Draft}},
	Year = {2017}}

@techreport{bogdanovich2017wakelock,
	Author = {Ilya Bogdanovich and Andrey Logvinov and Marcos Cáceres},
	Address = {\url{https://www.w3.org/TR/wake-lock/}},
	Institution = {\textsc{w3c}},
	Month = dec,
	Title = {{Wake Lock \textsc{api}}},
	Type = {{Candidate Recommendation}},
	Year = {2017}}

@techreport{kostiainen2018geolocation,
	Author = {Anssi Kostiainen and Thomas Steiner and Marijn Kruisselbrink},
	Address = {\url{https://www.w3.org/TR/geolocation-sensor/}},
	Institution = {\textsc{w3c}},
	Month = dec,
	Title = {{Geolocation Sensor}},
	Type = {{Working Draft}},
	Year = {2018}}

@techreport{waldron2018genericsensor,
	Author = {Rick Waldron and Mikhail Pozdnyakov and Alexander Shalamov},
	Address = {\url{https://www.w3.org/TR/generic-sensor/}},
	Institution = {\textsc{w3c}},
	Title = {{Generic Sensor \textsc{api}}},
	Type = {{Candidate Recommendation}},
	Year = {2018}}


@techreport{clelland2019featurepolicy,
	Author = {Ian Clelland},
	Address = {\url{https://w3c.github.io/webappsec-feature-policy/}},
	Institution = {\textsc{w3c}},
	Title = {{Feature Policy}},
	Type = {Editor's Draft},
	Year = {2019}}

@techreport{lamouri2017permissions,
	Author = {Mounir Lamouri and Marcos Cáceres and Jeffrey Yasskin},
	Address = {\url{https://www.w3.org/TR/permissions/}},
	Institution = {\textsc{w3c}},
	Title = {{Permissions}},
	Type = {Working Draft},
	Year = {2017}}

@techreport{russell2018permissions,
	Author = {Alex Russell and Thomas Nattestad},
	Address = {\url{https://www.w3.org/Privacy/permissions-ws-2018/papers/thomas-nattestad.pdf}},
	Institution = {\textsc{w3c}},
	Title = {{Permissions Workshop}},
	Type = {Position Paper},
	Year = {2018}}

@techreport{caceres2018manifest,
	Author = {Marcos Cáceres and Kenneth {Rohde Christiansen} and Mounir Lamouri and Anssi Kostiainen and Rob Dolin and Matt Giuca},
	Address = {\url{https://www.w3.org/TR/appmanifest/}},
	Institution = {\textsc{w3c}},
	Title = {{Web App Manifest, Living Document}},
	Type = {Working Draft},
	Year = {2018}}

@techreport{beard2008geode,
	Author = {Chris Beard},
	Address = {\url{https://blog.mozilla.org/labs/2008/10/introducing-geode/}},
	Institution = {Mozilla Labs},
	Title = {{Introducing Geode}},
	Type = {Blog Post},
	Year = {2018}}
	
@techreport{francis2017firefoxos,
	Author = {Ben Francis},
	Address = {\url{https://medium.com/@bfrancis/the-story-of-firefox-os-cb5bf796e8fb}},
	Institution = {Medium.com},
	Title = {{The Story of Firefox \textsc{os}}},
	Type = {Blog Post},
	Year = {2017}}

@techreport{denicola2018tag,
	Author = {Domenic Denicola},
	Address = {\url{https://www.w3.org/2001/tag/doc/promises-guide/}},
	Institution = {\textsc{w3c}},
	Title = {{Writing Promise-Using Specifications, Finding of the \textsc{w3c} \textsc{tag}, 9~November 2018}},
	Type = {{Technical Report}},
	Year = {2018}}

@techreport{thomson2011obscuring,
	Author = {Martin Thomson},
	Address = {\url{https://tools.ietf.org/id/draft-thomson-geopriv-location-obscuring-03.html}},
	Institution = {\textsc{ietf}},
	Title = {{Obscuring Location}},
	Type = {{Internet Draft, \textsc{geopriv}}},
	Year = {2011}}

@techreport{steiner2018wakelock,
	Author = {Thomas Steiner},
	Address = {\url{https://medium.com/dev-channel/experimenting-with-the-wake-lock-api-b6f42e0a089f}},
	Institution = {Medium.com},
	Title = {{Experimenting with the Wake Lock \textsc{api}}},
	Type = {{Blog Post}},
	Year = {2018}}



